@misc{MarioReglesCourant,
  title={Règles},
  author={Projet Mario},
  version={courante},
  howpublished={\url{https://github.com/barsanges/mario}}
}

@misc{MarioGrapheCourant,
  title={Création d'un graphe admissible},
  author={Projet Mario},
  version={courante},
  howpublished={\url{https://github.com/barsanges/mario}}
}

@misc{MarioIACourant,
  title={Spécifications de l'IA},
  author={Projet Mario},
  version={courante},
  howpublished={\url{https://github.com/barsanges/mario}}
}